@misc{samoa,
  title={Samoa Events},
  howpublished={\url{https://samoa.dcs.gla.ac.uk/events/}},  
  note={Last accessed: 2021-01-13},
  year={2021},
  author={{Samoa Events}},  
}

@misc{eventbrite,
  title={Eventbrite},
  howpublished={\url{https://www.eventbrite.co.uk/}},  
  note={Last accessed: 2021-01-26},
  year={2021},
  author={Eventbrite},  
}

@misc{uofg,
  title={University of Glasgow Website},
  howpublished={\url{https://www.gla.ac.uk/}},  
  note={Last accessed: 2021-01-26},
  year={2021},
  author={{University of Glasgow}},  
}

@misc{shibboleth,
  title={Shibboleth},
  howpublished={\url{https://www.shibboleth.net/}},  
  note={Last accessed: 2021-01-26},
  year={2021},
  author={Shibboleth},  
}

@article{MoSCoW,
  title={Comparison of Requirement Prioritization Techniques to Find Best Prioritization Technique},
  author={J. Khan and I. U. Rehman and Y. Khan and I. J. Khan and Salman Rashid},
  journal={International Journal of Modern Education and Computer Science},
  year={2015},
  volume={7},
  pages={53-59}
}

@inproceedings{requirements,  
    author={Z. {Kurtanović} and W. {Maalej}},  
    booktitle={2017 IEEE 25th International Requirements Engineering Conference (RE)},   title={Automatically Classifying Functional and Non-functional Requirements Using Supervised Machine Learning},   
    year={2017},  
    volume={},  
    number={}, 
    pages={490-495},  
    doi={10.1109/RE.2017.82}
}

@misc{eventbritestats,
  title={Eventbrite confirms the coronavirus outbreak will materially impact its business},
  howpublished={\url{https://techcrunch.com/2020/03/16/eventbrite-confirms-the-coronavirus-outbreak-will-materially-impact-its-business/}},  
  note={Last accessed: 2021-02-16},
  year={2020},
  author={Sarah Perez},  
}

@misc{eventbritemarketshare,
  title={EVENT MANAGEMENT MARKET SHARE TABLE},
  howpublished={\url{https://www.datanyze.com/market-share/event-management--57}},  
  note={Last accessed: 2021-02-16},
  year={2021},
  author={Datanyze},  
}

@article{ISINKAYE2015261,
  title = {Recommendation systems: Principles, methods and evaluation},
  journal = {Egyptian Informatics Journal},
  volume = {16},
  number = {3},
  pages = {261-273},
  year = {2015},
  issn = {1110-8665},
  doi = {https://doi.org/10.1016/j.eij.2015.06.005},
  url = {https://www.sciencedirect.com/science/article/pii/S1110866515000341},
 author = {F.O. Isinkaye and Y.O. Folajimi and B.A. Ojokoh},
}

@misc{netflixstats,
  title={Number of Netflix paid subscribers worldwide from 1st quarter 2013 to 4th quarter 2020},
  howpublished={\url{https://www.statista.com/statistics/250934/quarterly-number-of-netflix-streaming-subscribers-worldwide/#:~:text=How%20many%20paid%20subscribers%20does,Netflix's%20total%20global%20subscriber%20base.}},  
  note={Last accessed: 2021-02-18},
  year={2020},
  author={Julia Stoll},  
}

@article{10.1145/2843948,
  author = {Gomez-Uribe, Carlos A. and Hunt, Neil},
  title = {The Netflix Recommender System: Algorithms, Business Value, and Innovation},
  year = {2016},
  issue_date = {January 2016},
  publisher = {Association for Computing Machinery},
  address = {New York, NY, USA},
  volume = {6},
  number = {4},
  issn = {2158-656X},
  url = {https://doi.org/10.1145/2843948},
  doi = {10.1145/2843948},
  journal = {ACM Trans. Manage. Inf. Syst.},
  month = dec,
  articleno = {13},
  numpages = {19},
}

@inproceedings{Bennett07thenetflix,
  author = {James Bennett and Stan Lanning and Netflix Netflix},
  title = {The Netflix Prize},
  booktitle = {In KDD Cup and Workshop in conjunction with KDD},
  year = {2007}
}

@article{amazontwodecades,
  author={B. {Smith} and G. {Linden}},
  journal={IEEE Internet Computing}, 
  title={Two Decades of Recommender Systems at Amazon.com}, 
  year={2017},
  volume={21},
  number={3},
  pages={12-18},
  doi={10.1109/MIC.2017.72}
}

@inproceedings{recommenderecommerce,
  author = {Schafer, J. Ben and Konstan, Joseph and Riedl, John},
  title = {Recommender Systems in E-Commerce},
  year = {1999},
  isbn = {1581131763},
  publisher = {Association for Computing Machinery},
  address = {New York, NY, USA},
  url = {https://doi.org/10.1145/336992.337035},
  doi = {10.1145/336992.337035},
  booktitle = {Proceedings of the 1st ACM Conference on Electronic Commerce},
  pages = {158–166},
  numpages = {9},
  keywords = {up-sell, customer loyalty, recommender systems, electronic commerce, interface, cross-sell, mass customization},
  location = {Denver, Colorado, USA},
  series = {EC '99}
}

@misc{ecommercestats,
  title={eCommerce Statistics, Facts, and Trends 2021},
  howpublished={\url{https://firstsiteguide.com/ecommerce-stats/}},  
  note={Last accessed: 2021-02-19},
  year={2021},
  author={Ogi Djuraskovic},  
}

@article{knnpseudocode,
  author = {Arefin, Ahmed Shamsul and Riveros, Carlos and Berretta, Regina and Moscato, Pablo},
  year = {2012},
  month = {08},
  pages = {e44000},
  title = {GPU-FS-kNN: a software tool for fast and scalable kNN computation using GPUs},
  volume = {7},
  journal = {PloS one},
  doi = {10.1371/journal.pone.0044000}
}

@misc{uofgstaffnumbers,
  title={Staff Numbers},
  howpublished={\url{https://www.gla.ac.uk/explore/facts/staffnumbers/}},  
  note={Last accessed: 2021-02-28},
  year={2020},
  author={{University of Glasgow}},  
}

@misc{uofgstudentnumbers,
  title={Student Numbers},
  howpublished={\url{https://www.gla.ac.uk/explore/facts/studentnumbers/}},  
  note={Last accessed: 2021-02-28},
  year={2020},
  author={{University of Glasgow}},  
}

@misc{websiteloadtimes,
  title={How Page Load Speed Affects Customer Behavior},
  howpublished={\url{https://www.business.com/articles/website-page-speed-affects-behavior/}},  
  note={Last accessed: 2021-02-28},
  year={2020},
  author={{business.com Member}},  
}

@misc{mostcommonbrowsers,
  title={Global market share held by the leading web browser versions as of January 2021},
  howpublished={\url{https://www.statista.com/statistics/268299/most-popular-internet-browsers/}},  
  note={Last accessed: 2021-02-28},
  year={2021},
  author={Shanhong Liu},  
}

@misc{uservsitemfiltering,
  title={Item-Based Collaborative Filtering In Python},
  howpublished={\url{https://predictivehacks.com/item-based-collaborative-filtering-in-python/}},  
  note={Last accessed: 2021-02-28},
  year={2020},
  author={George Pipis},  
}

@misc{samoaalexastats,
  title={Competitive Analysis, Marketing Mix and Traffic},
  howpublished={\url{https://www.alexa.com/siteinfo/gla.ac.uk}},  
  note={Last accessed: 2021-02-28},
  year={2021},
  author={Alexa},  
}

@article{threetierarchitecture,
  added-at = {2008-05-12T00:43:28.000+0200},
  author = {Eckerson, Wayne W.},
  biburl = {https://www.bibsonomy.org/bibtex/24756a3adba692c588c63a994807a9ca2/fsteeg},
  interhash = {0f89af2f8c9c7842da0bad866f9c9776},
  intrahash = {4756a3adba692c588c63a994807a9ca2},
  journal = {Open Information Systems},
  keywords = {three-tier},
  number = 1,
  timestamp = {2009-04-30T14:23:47.000+0200},
  title = {Three Tier Client/Server Architecture: Achieving Scalability, Performance, and Efficiency in Client Server Applications.},
  volume = 10,
  year = 1995
}

@misc{balsamiq,
  title={Balsamiq},
  howpublished={\url{https://balsamiq.com/}},  
  note={Last accessed: 2021-03-01},
  year={2021},
  author={Balsamiq},  
}

@article{greenmeaning,
  author = {Won, Seahwa and Westland, Stephen},
  title = {Colour meaning and context},
  journal = {Color Research \& Application},
  volume = {42},
  number = {4},
  pages = {450-459},
  doi = {https://doi.org/10.1002/col.22095},
  url = {https://onlinelibrary.wiley.com/doi/abs/10.1002/col.22095},
  eprint = {https://onlinelibrary.wiley.com/doi/pdf/10.1002/col.22095},
  year = {2017}
}

@misc{uofgbrandtoolkit,
  title={Brand Toolkit},
  howpublished={\url{https://www.gla.ac.uk/myglasgow/staff/brandtoolkit/brandelements/colours/}},  
  note={Last accessed: 2021-03-02},
  year={2021},
  author={{University of Glasgow}},  
}

@article{userinterfaceaccessibility,
  author = {Harding, G. F. A. and Jeavons, P. M. and Edson, A. S.},
  title = {Video Material and Epilepsy},
  journal = {Epilepsia},
  volume = {35},
  number = {6},
  pages = {1208-1216},
  doi = {https://doi.org/10.1111/j.1528-1157.1994.tb01791.x},
  url = {https://onlinelibrary.wiley.com/doi/abs/10.1111/j.1528-1157.1994.tb01791.x},
  eprint = {https://onlinelibrary.wiley.com/doi/pdf/10.1111/j.1528-1157.1994.tb01791.x},
  year = {1994}
}

@misc{colourblindness,
  title={Color blindness: how to design an accessible user interface},
  howpublished={\url{https://uxdesign.cc/color-blindness-in-user-interfaces-66c27331b858}},  
  note={Last accessed: 2021-03-02},
  year={2018},
  author={Ivan Tuchkov},  
}

@misc{mfviasvd,
  title={Dimensionality Reduction and the Singular Value Decomposition},
  howpublished={\url{https://www.cs.carleton.edu/cs_comps/0607/recommend/recommender/svd.html}},  
  note={Last accessed: 2021-03-02},
  year={2007},
  author={{Carleton College}},  
}

@inproceedings{wupalmer,
  author = {Wu, Zhibiao and Palmer, Martha},
  title = {Verbs Semantics and Lexical Selection},
  year = {1994},
  publisher = {Association for Computational Linguistics},
  address = {USA},
  url = {https://doi.org/10.3115/981732.981751},
  doi = {10.3115/981732.981751},
  booktitle = {Proceedings of the 32nd Annual Meeting on Association for Computational Linguistics},
  pages = {133–138},
  numpages = {6},
  location = {Las Cruces, New Mexico},
  series = {ACL '94}
}


@misc{talks.camwhoarewe,
  title={University of Cambridge Talks},
  howpublished={\url{https://talks.cam.ac.uk/document/Who%20we%20are}},  
  note={Last accessed: 2021-02-25},
  year={2006},
  author={{University of Cambridge}},  
}

@misc{uofggdpr,
  title={GDPR COMPLIANCE CHECKLIST FOR DATABASES STORING PERSONAL DATA},
  howpublished={\url{https://www.gla.ac.uk/myglasgow/dpfoioffice/a-ztopics/databasechecklist/}},  
  note={Last accessed: 2021-03-08},
  year={2021},
  author={{University of Glasgow}},  
}

@misc{github,
  title={GitHub},
  howpublished={\url{https://github.com/}},  
  note={Last accessed: 2021-03-09},
  year={2021},
  author={GitHub},  
}

@misc{githubactions,
  title={GitHub Actions},
  howpublished={\url{https://github.com/features/actions}},  
  note={Last accessed: 2021-03-09},
  year={2021},
  author={GitHub},  
}

@misc{yapf,
  title={YAPF},
  howpublished={\url{https://github.com/features/actions}},  
  note={Last accessed: 2021-03-09},
  year={2021},
  author={Google},  
}

@misc{prettier,
  title={Prettier},
  howpublished={\url{https://prettier.io/}},  
  note={Last accessed: 2021-03-09},
  year={2021},
  author={Prettier},  
}

@misc{trello,
  title={Trello},
  howpublished={\url{https://trello.com/}},  
  note={Last accessed: 2021-03-09},
  year={2021},
  author={Trello},  
}

@misc{react,
  title={React},
  howpublished={\url{https://reactjs.org/}},  
  note={Last accessed: 2021-03-09},
  year={2021},
  author={React},  
}

@misc{material-ui,
  title={Material-UI},
  howpublished={\url{https://material-ui.com/}},  
  note={Last accessed: 2021-03-09},
  year={2021},
  author={Material-UI},  
}

@misc{materialdesign,
  title={Material Design},
  howpublished={\url{https://material.io/design}},  
  note={Last accessed: 2021-03-09},
  year={2021},
  author={{Material Design}},  
}

@misc{django,
  title={Django},
  howpublished={\url{https://www.djangoproject.com/}},  
  note={Last accessed: 2021-03-10},
  year={2021},
  author={Django},  
}

@misc{djangorestframework,
  title={Django REST Framework},
  howpublished={\url{https://www.django-rest-framework.org/}},  
  note={Last accessed: 2021-03-10},
  year={2021},
  author={{Django REST Framework}},  
}

@misc{postgresql,
  title={PostgreSQL},
  howpublished={\url{https://www.postgresql.org/}},  
  note={Last accessed: 2021-03-10},
  year={2021},
  author={PostgreSQL},  
}

@misc{docker,
  title={Docker},
  howpublished={\url{https://www.docker.com/}},  
  note={Last accessed: 2021-03-10},
  year={2021},
  author={Docker},  
}

@misc{reactlifecycle,
  title={What cycle does the react component have?},
  howpublished={\url{https://programmer.group/what-cycle-does-the-react-component-have.html}},  
  note={Last accessed: 2021-03-10},
  year={2019},
  author={Kef},  
}

@misc{nltk,
  title={Natural Language Toolkit},
  howpublished={\url{https://www.nltk.org/}},  
  note={Last accessed: 2021-03-11},
  year={2020},
  author={NLTK},  
}

@misc{flask,
  title={Flask},
  howpublished={\url{https://flask.palletsprojects.com/en/1.1.x/}},  
  note={Last accessed: 2021-03-10},
  year={2021},
  author={Flask},  
}

@misc{flaskcompanies,
  title={Who uses Flask?},
  howpublished={\url{https://stackshare.io/flask}},  
  note={Last accessed: 2021-03-15},
  year={2021},
  author={StackShare},  
}

@misc{pandas,
  title={Pandas},
  howpublished={\url{https://pandas.pydata.org/}},  
  note={Last accessed: 2021-03-15},
  year={2021},
  author={Pandas},  
}

@misc{scipy,
  title={SciPy},
  howpublished={\url{https://www.scipy.org/}},  
  note={Last accessed: 2021-03-15},
  year={2021},
  author={SciPy},  
}

@misc{pythoncoverage,
  title={Coverage},
  howpublished={\url{https://pypi.org/project/coverage/}},  
  note={Last accessed: 2021-03-16},
  year={2021},
  author={Coverage},  
}

@article{GEORGE2004337,
  title = {A structured experiment of test-driven development},
  journal = {Information and Software Technology},
  volume = {46},
  number = {5},
  pages = {337-342},
  year = {2004},
  note = {Special Issue on Software Engineering, Applications, Practices and Tools from the ACM Symposium on Applied Computing 2003},
  issn = {0950-5849},
  doi = {https://doi.org/10.1016/j.infsof.2003.09.011},
  url = {https://www.sciencedirect.com/science/article/pii/S0950584903002040},
  author = {Boby George and Laurie Williams},
  keywords = {Software engineering, Test driven development, Extreme programming, Agile methodologies},
}

@misc{lighthouse,
  title={Lighthouse},
  howpublished={\url{https://developers.google.com/web/tools/lighthouse}},  
  note={Last accessed: 2021-03-16},
  year={2021},
  author={Google},  
}

@misc{pssuq,
  title={PSSUQ (Post-Study System Usability Questionnaire)},
  howpublished={\url{https://uiuxtrend.com/pssuq-post-study-system-usability-questionnaire/}},
  note={Last accessed: 2021-03-16},
  year={2021},
  author={{Will T}},  
}

@misc{bookitbee,
  title={Bookitbee},
  howpublished={\url{https://event.bookitbee.com/university-of-glasgow-40}},  
  note={Last accessed: 2021-03-25},
  year={2021},
  author={Bookitbee},  
}

@misc{yammer,
  title={Yammer},
  howpublished={\url{https://www.yammer.com/glasgow.ac.uk/#/home}},  
  note={Last accessed: 2021-03-25},
  year={2021},
  author={Yammer},  
}

@misc{meetup,
  title={Meetup},
  howpublished={\url{https://www.meetup.com/}},  
  note={Last accessed: 2021-03-25},
  year={2021},
  author={Meetup},  
}

@misc{sbs.strath,
  title={sbs.strath},
  howpublished={\url{https://www.sbs.strath.ac.uk/feeds/listseminars.aspx}},  
  note={Last accessed: 2021-03-25},
  year={2021},
  author={{University of Strathclyde}},  
}

@misc{webapplicationarchitecture,
  title={The Fundamentals of Web Application Architecture},
  howpublished={\url{https://reinvently.com/blog/fundamentals-web-application-architecture/}},
  note={Last accessed: 2021-04-02},
  year={2019},
  author={Mark Dabbs},  
}
